<?xml version="1.0" encoding="UTF-8"?><record xmlns="http://www.loc.gov/MARC21/slim" xmlns:cinclude="http://apache.org/cocoon/include/1.0" xmlns:zs="http://www.loc.gov/zing/srw/">
  <leader>00429nz  a2200133n  4500</leader>
  <controlfield tag="001">nb2009001025</controlfield>
  <controlfield tag="003">DLC</controlfield>
  <controlfield tag="005">20090115082141.0</controlfield>
  <controlfield tag="008">090113n| acannaabn          |n aaa      </controlfield>
  <datafield tag="010" ind1=" " ind2=" ">
    <subfield code="a">nb2009001025</subfield>
  </datafield>
  <datafield tag="035" ind1=" " ind2=" ">
    <subfield code="a">(Uk)007332644</subfield>
  </datafield>
  <datafield tag="040" ind1=" " ind2=" ">
    <subfield code="a">Uk</subfield>
    <subfield code="b">eng</subfield>
    <subfield code="c">Uk</subfield>
  </datafield>
  <datafield tag="100" ind1="1" ind2=" ">
    <subfield code="a">Saroch, Lars</subfield>
  </datafield>
  <datafield tag="670" ind1=" " ind2=" ">
    <subfield code="a">FahrertypabhaĚngige Betriebsstrategie und leistungsbasierte Antriebsstrangregelung fuĚr Parallelhybridantriebe in Pkw, c2008:</subfield>
    <subfield code="b">t.p. (Lars Saroch)</subfield>
  </datafield>
</record>